@Manual{R-PITcleanr,
  title = {PITcleanr: Cleans up PIT tag capture histories},
  author = {Kevin See},
  year = {2021},
  note = {https://github.com/BiomarkABS/PITcleanr,
https://biomarkabs.github.io/PITcleanr/index.html},
}

